<?xml version="1.0" encoding="UTF-8"?><collection xmlns="http://www.loc.gov/MARC21/slim"><record><leader>00389nam--2200145-i-4500</leader><controlfield tag="001">000020924</controlfield><controlfield tag="002">20161230</controlfield><controlfield tag="005">20161230201033</controlfield><controlfield tag="008">060222s1000------------r-----000-0-eng-d</controlfield><datafield ind1=" " ind2=" " tag="020"><subfield code="a">0-471-92</subfield></datafield><datafield ind1=" " ind2=" " tag="080"><subfield code="a">517.957</subfield></datafield><datafield ind1=" " ind2=" " tag="100"><subfield code="a">Kenneth, Falconer</subfield></datafield><datafield ind1=" " ind2=" " tag="245"><subfield code="a">Fractal geometry. mathematical foundations and applications</subfield></datafield><datafield ind1=" " ind2=" " tag="260"><subfield code="a">Clichester, John Wiley &amp; Sons, 1993. 288 P</subfield></datafield><datafield ind1=" " ind2=" " tag="852"><subfield code="a">80270</subfield></datafield></record></collection>